@techreport{cisco2022rcm,
  author       = {{Cisco Systems, Inc.}},
  title        = {{Randomized and Changing MAC Deployment Guide}},
  institution  = {Cisco Systems},
  type         = {Deployment Guide},
  year         = {2022},
  month        = mar,
  day          = {5},
  note         = {Accessed: 2025-06-27},
  url ={https://www.cisco.com/c/en/us/products/collateral/wireless/randomized-changing-mac-dg.html},
}

@techreport{cisco-probe-requests,
  author       = {{Nicholas Darchis.}},
  title        = {{802.11 frames : A starter guide to learn wireless sniffer traces}},
  institution  = {Cisco Systems},
  year         = {2010},
  month        = oct,
  day          = {25},
  note         = {Edited: 2025-02-03, Accessed: 2025-07-07},
  url ={https://community.cisco.com/t5/wireless-mobility-knowledge-base/802-11-frames-a-starter-guide-to-learn-wireless-sniffer-traces/ta-p/3110019},
}

@online{apple:102050,
  author       = {{Apple Inc.}},
  title        = {How to disable SMB 1 or NetBIOS in macOS},
  year         = {2025},
  month        = mar,
  day          = {21},
  url          = {https://support.apple.com/en-us/102050},
  organization = {Apple Support},
  note         = {Accessed July 10, 2025},
}

@online{wireshark:nbns,
  author       = {{Wireshark Foundation}},
  title        = {NetBIOS Name Service (NBNS)},
  year         = {2020},
  month        = aug,
  day          = {11},
  url          = {https://wiki.wireshark.org/NetBIOS/NBNS},
  institution  = {Wireshark Wiki},
  note         = {Accessed July 10, 2025},
}

@online{wikipedia:mdns,
  author       = {{Wikipedia contributors}},
  title        = {Multicast DNS},
  year         = {2024},
  url          = {https://en.wikipedia.org/wiki/Multicast_DNS},
  note         = {Accessed July 11, 2025},
  organization = {Wikipedia},
}

@techreport{rfc3810,
  author       = {R. Vida and L. Costa},
  title        = {{Multicast Listener Discovery Version 2 (MLDv2) for IPv6}},
  institution  = {Internet Engineering Task Force (IETF)},
  type         = {RFC},
  number       = {3810},
  year         = {2004},
  month        = jun,
  url          = {https://datatracker.ietf.org/doc/html/rfc3810},
  note         = {Standards Track}
}

@misc{apple_cloudkit,
  author       = "{Apple Inc.}",
  title        = "{CloudKit --- Apple Developer Documentation}",
  year         = "2025",
  note         = "Accessed: 2025-07-11",
  url          = "https://developer.apple.com/icloud/cloudkit/"
}

@misc{apple_netservices_introduction,
  author       = "{Apple Inc.}",
  title        = "{Bonjour Concepts}",
  year         = "2025",
  note         = "Accessed: 2025-07-11",
  url          = "https://developer.apple.com/library/archive/documentation/Cocoa/Conceptual/NetServices/Articles/about.html#//apple_ref/doc/uid/TP40002458-SW1"
}
@misc{macpaw_apple_local_network,
  author       = "{MacPaw}",
  title        = "{What apps want to do on your local network — and why that may be a privacy concern}",
  howpublished = "\url{https://macpaw.com/news/apple-local-network}",
  year         = "2020",
  note         = "Accessed: 2025-07-11",
  url          = "https://macpaw.com/news/apple-local-network"
}

@misc{cheshire2005dns,
  author       = {Stuart Cheshire and Marc Krochmal},
  title        = {DNS-Based Service Discovery},
  howpublished = {IETF Internet-Draft},
  year         = {2005},
  note         = {\url{https://datatracker.ietf.org/doc/html/draft-cheshire-dnsext-dns-sd-06}},
}

@online{apple_mask_dns,
  author  = {{Palo Alto Networks}},
  title   = {What is mask.apple-dns.net?},
  year    = {2022},
  url     = {https://knowledgebase.paloaltonetworks.com/KCSArticleDetail?id=kA14u000000PRR2CAO},
  note    = {Accessed: 2025-07-11}
}

@online{clients1_google_gitlab,
  author  = {{The Quantum Alpha}},
  title   = {Google domains used for client services},
  year    = {2022},
  url     = {https://gitlab.com/The_Quantum_Alpha/the-quantum-ad-list/-/issues/36},
  note    = {Accessed: 2025-07-11}
}

@online{clients_l_google_gitlab,
  author  = {{The Quantum Alpha}},
  title   = {Google domains used for client services},
  year    = {2022},
  url     = {https://gitlab.com/The_Quantum_Alpha/the-quantum-ad-list/-/issues/36},
  note    = {Accessed: 2025-07-11}
}

@online{smoot_api_safari_hn,
  author  = {{Hacker News}},
  title   = {Safari making requests to smoot-api-safari domains},
  year    = {2023},
  url     = {https://news.ycombinator.com/item?id=34392644},
  note    = {Accessed: 2025-07-11}
}

@online{lh3_google_photos,
  author  = {{Google Support Community}},
  title   = {All private photos have a public link on lh3.googleusercontent.com},
  year    = {2021},
  url     = {https://support.google.com/photos/thread/390694},
  note    = {Accessed: 2025-07-11}
}

@online{stackoverflow_apns_sandbox,
  author  = {{Stack Overflow}},
  title   = {APNs failed to validate certificate chain for courier-sandbox.push.apple.com},
  year    = {2016},
  url     = {https://stackoverflow.com/questions/38453449/apns-failed-to-validate-certificate-chain-for-courier-sandbox-push-apple-com},
  note    = {Accessed: 2025-07-11}
}

@online{willjessiam,
  author  = {Will Jessiam},
  title   = {Apple iPad Activation via MDM and courier.push.apple.com},
  year    = {2021},
  url     = {https://willjessiam.blog/2021/02/14/apple-ipad-activation-via-mdm-and-courier-push-apple-com/},
  note    = {Accessed: 2025-07-11}
}

@misc{rfc2236,
  author       = {Bill Fenner},
  title        = {Internet Group Management Protocol, Version 2},
  howpublished = {RFC 2236},
  series       = {Request for Comments},
  number       = {2236},
  month        = nov,
  year         = {1997},
  publisher    = {RFC Editor},
  doi          = {10.17487/RFC2236},
  url          = {https://www.rfc‑editor.org/info/rfc2236},
  pagetotal    = {24},
  abstract     = {This memo documents IGMPv2, used by IP hosts to report their multicast group memberships to routers. It updates STD 5, RFC 1112.},
}

@manual{wireshark-protocol-hierarchy,
  title        = {Protocol Hierarchy Statistics},
  author       = {{Wireshark Foundation}},
  year         = {2024},
  note         = {Wireshark User’s Guide, version 4.0},
  url          = {https://www.wireshark.org/docs/wsug_html_chunked/ChStatHierarchy.html},
}


@misc{so_multicast_224001251,
  author = {{Stack Overflow users}},
  title  = {What is the multicast doing on 224.0.0.251?},
  year   = {2012},
  month  = sep,
  url    = {https://stackoverflow.com/questions/12483717/what-is-the-multicast-doing-on-224-0-0-251},
  note   = {Accessed: 2025-07-11},
}

@article{savitzky1964smoothing,
  title={Smoothing and Differentiation of Data by Simplified Least Squares Procedures},
  author={Savitzky, Abraham and Golay, Marcel JE},
  journal={Analytical Chemistry},
  volume={36},
  number={8},
  pages={1627--1639},
  year={1964},
  publisher={American Chemical Society},
  doi={10.1021/ac60214a047}
}
